@article{rukhin2001statistical,
  title={A statistical test suite for random and pseudorandom number generators for cryptographic applications},
  author={Rukhin, Andrew and Soto, Juan and Nechvatal, James and Smid, Miles and Barker, Elaine},
  year={Tech. Rep., Booz-Allen and Hamilton Inc Mclean Va, 2001},
  institution={Booz-Allen and Hamilton Inc Mclean Va}
}

@article{maurer1992universal,
  title={A universal statistical test for random bit generators},
  author={Maurer, Ueli M},
  journal={Journal of cryptology},
  volume={5},
  number={2},
  pages={89--105},
  year={1992},
  publisher={Springer}
}

@inproceedings{coron1998accurate,
  title={An accurate evaluation of Maurer's universal test},
  author={Coron, Jean S{\'e}bastien and Naccache, David},
  booktitle={International Workshop on Selected Areas in Cryptography},
  pages={57--71},
  year={1998},
  organization={Springer}
}

@inproceedings{yamamoto2016highly,
  title={Highly sensitive universal statistical test},
  author={Yamamoto, Hirosuke and Liu, Qiqiang},
  booktitle={2016 IEEE International Symposium on Information Theory (ISIT)},
  pages={700--704},
  year={2016},
  organization={IEEE}
}

@inproceedings{coron1999security,
  title={On the security of random sources},
  author={Coron, Jean S{\'e}bastien},
  booktitle={International Workshop on Public Key Cryptography},
  pages={29--42},
  year={1999},
  organization={Springer}
}

@article{matsumoto1998mersenne,
  title={Mersenne twister: a 623-dimensionally equidistributed uniform pseudo-random number generator},
  author={Matsumoto, Makoto and Nishimura, Takuji},
  journal={ACM Transactions on Modeling and Computer Simulation (TOMACS)},
  volume={8},
  number={1},
  pages={3--30},
  year={1998},
  publisher={ACM}
}

@article{bassham2010sp,
  title={Sp 800-22 rev. 1a. a statistical test suite for random and pseudorandom number generators for cryptographic applications},
  author={Bassham III, Lawrence E and Rukhin, Andrew L and Soto, Juan and Nechvatal, James R and Smid, Miles E and Barker, Elaine B and Leigh, Stefan D and Levenson, Mark and Vangel, Mark and Banks, David L and others},
  year={2010},
  publisher={National Institute of Standards \& Technology}
}

@inproceedings{ziv1990compression,
  title={Compression, tests for randomness and estimating the statistical model of an individual sequence},
  author={Ziv, J},
  booktitle={Sequences},
  pages={366--373},
  year={1990},
  organization={Springer}
}

@article{ziv1977universal,
  title={A universal algorithm for sequential data compression},
  author={Ziv, Jacob and Lempel, Abraham},
  journal={IEEE Transactions on information theory},
  volume={23},
  number={3},
  pages={337--343},
  year={1977},
  publisher={IEEE}
}

@article{elias1987interval,
  title={Interval and recency rank source coding: Two on-line adaptive variable-length schemes},
  author={Elias, Peter},
  journal={IEEE Transactions on Information Theory},
  volume={33},
  number={1},
  pages={3--10},
  year={1987},
  publisher={IEEE}
}

@article{abadi2004version,
  title={A version of Maurer's conjecture for stationary $\psi$-mixing processes},
  author={Abadi, Miguel and Galves, Antonio},
  journal={Nonlinearity},
  volume={17},
  number={4},
  pages={1357},
  year={2004},
  publisher={IOP Publishing}
}



@article{willems1989universal,
  title={Universal data compression and repetition times},
  author={Willems, Frans MJ},
  journal={IEEE Transactions on Information Theory},
  volume={35},
  number={1},
  pages={54--58},
  year={1989},
  publisher={IEEE}
}

@article{dudewicz1981entropy,
  title={Entropy-based tests of uniformity},
  author={Dudewicz, Edward J and Van Der Meulen, Edward C},
  journal={Journal of the American Statistical Association},
  volume={76},
  number={376},
  pages={967--974},
  year={1981},
  publisher={Taylor \& Francis Group}
}

@article{l2007testu01,
  title={TestU01: AC library for empirical testing of random number generators},
  author={L'Ecuyer, Pierre and Simard, Richard},
  journal={ACM Transactions on Mathematical Software (TOMS)},
  volume={33},
  number={4},
  pages={22},
  year={2007},
  publisher={ACM}
}

@article{kolmogorov1968three,
  title={Three approaches to the quantitative definition of information},
  author={Kolmogorov, Andrei Nikolaevich},
  journal={International Journal of Computer Mathematics},
  volume={2},
  number={1-4},
  pages={157--168},
  year={1968},
  publisher={Taylor \& Francis}
}

@article{martin1966definition,
  title={The definition of random sequences},
  author={Martin-L{\"o}f, Per},
  journal={Information and Control},
  volume={9},
  number={6},
  pages={602--619},
  year={1966},
  publisher={Elsevier}
}

@inproceedings{yao1982theory,
  title={Theory and application of trapdoor functions},
  author={Yao, Andrew C},
  booktitle={23rd Annual Symposium on Foundations of Computer Science (sfcs 1982)},
  pages={80--91},
  year={1982},
  organization={IEEE}
}

@article{blum1984generate,
  title={How to generate cryptographically strong sequences of pseudorandom bits},
  author={Blum, Manuel and Micali, Silvio},
  journal={SIAM journal on Computing},
  volume={13},
  number={4},
  pages={850--864},
  year={1984},
  publisher={SIAM}
}

@article{chaitin1966length,
  title={On the length of programs for computing finite binary sequences},
  author={Chaitin, Gregory J},
  journal={Journal of the ACM (JACM)},
  volume={13},
  number={4},
  pages={547--569},
  year={1966},
  publisher={ACM}
}

@article{chaitin1969length,
  title={On the length of programs for computing finite binary sequences: statistical considerations},
  author={Chaitin, Gregory J},
  journal={Journal of the ACM (JACM)},
  volume={16},
  number={1},
  pages={145--159},
  year={1969},
  publisher={ACM}
}

@article{chaitin1975theory,
  title={A theory of program size formally identical to information theory},
  author={Chaitin, Gregory J},
  journal={Journal of the ACM (JACM)},
  volume={22},
  number={3},
  pages={329--340},
  year={1975},
  publisher={ACM}
}

@article{martin1971complexity,
  title={Complexity oscillations in infinite binary sequences},
  author={Martin-L{\"o}f, Per},
  journal={Zeitschrift f{\"u}r Wahrscheinlichkeitstheorie und Verwandte Gebiete},
  volume={19},
  number={3},
  pages={225--230},
  year={1971},
  publisher={Springer-Verlag}
}

@inproceedings{levin1973notion,
  title={On the notion of a random sequence},
  author={Levin, Leonid A},
  booktitle={Soviet. Math. Dokl.},
  volume={14},
  number={5},
  pages={1413--1416},
  year={1973}
}

@article{zvonkin1970complexity,
  title={The complexity of finite objects and the development of the concepts of information and randomness by means of the theory of algorithms},
  author={Zvonkin, Alexander K and Levin, Leonid A},
  journal={Russian Mathematical Surveys},
  volume={25},
  number={6},
  pages={83},
  year={1970},
  publisher={IOP Publishing}
}

@article{schnorr1971unified,
  title={A unified approach to the definition of random sequences},
  author={Schnorr, Claus Peter},
  journal={Mathematical systems theory},
  volume={5},
  number={3},
  pages={246--258},
  year={1971},
  publisher={Springer}
}

@article{schnorr1973process,
  title={Process complexity and effective random tests},
  author={Schnorr, Claus Peter},
  journal={Journal of Computer and System Sciences},
  volume={7},
  number={4},
  pages={376--388},
  year={1973},
  publisher={Academic Press}
}

@article{schnorr1977general,
  title={General random sequences and learnable sequences},
  author={Schnorr, Claus Peter and Fuchs, P},
  journal={The Journal of Symbolic Logic},
  volume={42},
  number={3},
  pages={329--340},
  year={1977},
  publisher={Cambridge University Press}
}

@book{knuth2014art,
  title={Art of computer programming, volume 2: Seminumerical algorithms},
  author={Knuth, Donald E},
  year={2014},
  publisher={Addison-Wesley Professional}
}

@techreport{soto2000randomness,
  title={Randomness testing of the advanced encryption standard finalist candidates},
  author={Soto, Juan and Bassham, Lawrence},
  year={2000},
  institution={BOOZ-ALLEN AND HAMILTON INC MCLEAN VA}
}

@article{schindler1999functionality,
  title={Functionality classes and evaluation methodology for deterministic random number generators},
  author={Schindler, Werner},
  journal={Anwendungshinweise and Interpretation (AIS)},
  pages={5--11},
  year={1999}
}

@article{killmann2001proposal,
  title={A proposal for: Functionality classes and evaluation methodology for true (physical) random number generators},
  author={Killmann, Wolfgang and Schindler, Werner},
  journal={T-Systems debis Systemhaus Information Security Services and Bundesamt f{\"u}r Sicherheit in der Informationstechnik (BSI), Tech. Rep},
  year={2001}
}

@article{caelli1992crypt,
  title={CRYPT--X Statistical Package Manual},
  author={Caelli, W and Dawson, E and Nielsen, L and Gustafson, H},
  journal={Measuring the Strength of Stream and Block ciphers},
  year={1992}
}

@article{fips2001140,
  title={140-2},
  author={FIPS, PUB},
  journal={Security requirements for cryptographic modules},
  volume={25},
  year={2001}
}

@article{wegenkittl2001entropy,
  title={Entropy estimators and serial tests for ergodic chains},
  author={Wegenkittl, Stefan},
  journal={IEEE Transactions on Information Theory},
  volume={47},
  number={6},
  pages={2480--2489},
  year={2001},
  publisher={IEEE}
}

@misc{wegenkittl2002entropy,
  title={Entropy based tests for randomness and applications to cryptographic generators},
  author={Wegenkittl, Stefan},
  year={2002}
}

@inproceedings{choe2000average,
  title={Average convergence rate of the first return time},
  author={Choe, Geon and Kim, Dong},
  booktitle={Colloquium Mathematicae},
  volume={84},
  number={1},
  pages={159--171},
  year={2000}
}

@article{abadi2004version,
  title={A version of Maurer's conjecture for stationary $\psi$-mixing processes},
  author={Abadi, Miguel and Galves, Antonio},
  journal={Nonlinearity},
  volume={17},
  number={4},
  pages={1357},
  year={2004},
  publisher={IOP Publishing}
}

@inproceedings{kim2014estimation,
  title={Estimation of R{\'e}nyi entropy of order $\alpha$ based on the nearest neighbor distance},
  author={Kim, Young Sik},
  booktitle={2014 International Symposium on Information Theory and its Applications},
  pages={125--129},
  year={2014},
  organization={IEEE}
}

@article{kim2018low,
  title={Low Complexity Estimation Method of {R}{\'e}nyi Entropy for Ergodic Sources},
  author={Kim, Young Sik},
  journal={Entropy},
  volume={20},
  number={9},
  pages={657},
  year={2018},
  publisher={Multidisciplinary Digital Publishing Institute}
}

@article{demuth1988remarks,
  title={Remarks on the structure of tt-degrees based on constructive measure theory},
  author={Demuth, Osvald},
  journal={Commentationes Mathematicae Universitatis Carolinae},
  volume={29},
  number={2},
  pages={233--247},
  year={1988},
  publisher={Charles University in Prague, Faculty of Mathematics and Physics}
}

@phdthesis{kautz1991degrees,
  title={Degrees of random sets},
  author={Kautz, Steven M},
  year={1991},
  school={Citeseer}
}

@article{blum1986simple,
  title={A simple unpredictable pseudo-random number generator},
  author={Blum, Lenore and Blum, Manuel and Shub, Mike},
  journal={SIAM Journal on Computing},
  volume={15},
  number={2},
  pages={364--383},
  year={1986},
  publisher={SIAM}
}

@article{blum1984generate,
  title={How to generate cryptographically strong sequences of pseudorandom bits},
  author={Blum, Manuel and Micali, Silvio},
  journal={SIAM Journal on Computing},
  volume={13},
  number={4},
  pages={850--864},
  year={1984},
  publisher={SIAM}
}

@article{rijmen2001advanced,
  title={Advanced encryption standard},
  author={Rijmen, Vincent and Daemen, Joan},
  journal={Proceedings of Federal Information Processing Standards Publications, National Institute of Standards and Technology},
  pages={19--22},
  year={2001}
}

@book{hardy1979introduction,
  title={An introduction to the theory of numbers},
  author={Hardy, Godfrey Harold and Wright, Edward Maitland and others},
  year={1979},
  publisher={Oxford university press}
}

@InProceedings{hikima2020,
author = {Hikima, Yasunari and Iwasaki, Atsushi and Umeno, Ken},
title = {The variance of the reference distribution of Highly Sensitive Universal Test constructed on the basis of Maurer's Test},
booktitle = {Proceedings of Symposium on Cryptography and Information Security},
pages = {2A3--4 (in Japanese)},
year = {2020},
publisher = {IEICE},
}
